<record><leader>00000cas a22000007a 4500</leader><controlfield tag="001">13439698</controlfield><controlfield tag="008">860416d19091910nvuir ne      0    0eng d</controlfield><datafield ind1=" " ind2=" " tag="010"><subfield code="a">sn 86076015 </subfield></datafield><datafield ind1=" " ind2=" " tag="040"><subfield code="a">NNX</subfield><subfield code="b">eng</subfield><subfield code="c">NNX</subfield><subfield code="d">OCLCQ</subfield></datafield><datafield ind1=" " ind2=" " tag="042"><subfield code="a">msc</subfield></datafield><datafield ind1=" " ind2="4" tag="050"><subfield code="a">AN2.N3</subfield><subfield code="b">F67</subfield></datafield><datafield ind1="0" ind2=" " tag="130"><subfield code="a">Forum (Sparks, Nev.)</subfield></datafield><datafield ind1="1" ind2="4" tag="245"><subfield code="a">The Forum.</subfield></datafield><datafield ind1="1" ind2="3" tag="246"><subfield code="a">Daily forum</subfield></datafield><datafield ind1=" " ind2=" " tag="260"><subfield code="a">Sparks, Nev. :</subfield><subfield code="b">Union Print. and Pub. Co.,</subfield><subfield code="c">1909-1910.</subfield></datafield><datafield ind1=" " ind2=" " tag="300"><subfield code="a">3 v. :</subfield><subfield code="b">ill.</subfield></datafield><datafield ind1=" " ind2=" " tag="310"><subfield code="a">Three times a week</subfield></datafield><datafield ind1=" " ind2=" " tag="321"><subfield code="a">Three times a week,</subfield><subfield code="b">Aug. 2, 1909-Nov. 30, 1909</subfield></datafield><datafield ind1=" " ind2=" " tag="321"><subfield code="a">Daily (except Sun.),</subfield><subfield code="b">Dec. 1, 1909-Apr. 4, 1910</subfield></datafield><datafield ind1="0" ind2=" " tag="362"><subfield code="a">Vol. 6, no. 37 (Aug. 2, 1909)-v. 8, no. 9 (Apr. 27, 1910).</subfield></datafield><datafield ind1=" " ind2=" " tag="500"><subfield code="a">Published as Daily Forum, Dec. 1, 1909-Apr. 4, 1910.</subfield></datafield><datafield ind1=" " ind2=" " tag="530"><subfield code="a">Microfilm available from Bay Microfilm.</subfield></datafield><datafield ind1=" " ind2=" " tag="752"><subfield code="a">United States</subfield><subfield code="b">Nevada</subfield><subfield code="c">Washoe</subfield><subfield code="d">Reno.</subfield></datafield><datafield ind1="0" ind2="0" tag="780"><subfield code="t">Nevada forum</subfield><subfield code="w">(DLC)sn 86076014</subfield></datafield></record>